@ONLINE{F0051TCompendium, 
	author = {Erik Olsson},
	title = {MATLAB - En Introduktion},
	url = {https://ltu.instructure.com/courses/1173/files/179933/download},
	keywords = {MATLAB, Compendium, Course}
}
